%YAML 1.1
%TAG !u! tag:unity3d.com,2011:
--- !u!1 &31149479
GameObject:
  m_ObjectHideFlags: 0
  m_CorrespondingSourceObject: {fileID: 0}
  m_PrefabInstance: {fileID: 0}
  m_PrefabAsset: {fileID: 0}
  serializedVersion: 6
  m_Component:
  - component: {fileID: 31149481}
  - component: {fileID: 31149480}
  m_Layer: 0
  m_Name: RIghtFootSolver
  m_TagString: Untagged
  m_Icon: {fileID: 0}
  m_NavMeshLayer: 0
  m_StaticEditorFlags: 0
  m_IsActive: 1
--- !u!4 &31149481
Transform:
  m_ObjectHideFlags: 0
  m_CorrespondingSourceObject: {fileID: 0}
  m_PrefabInstance: {fileID: 0}
  m_PrefabAsset: {fileID: 0}
  m_GameObject: {fileID: 31149479}
  m_LocalRotation: {x: -0, y: -0, z: -0, w: 1}
  m_LocalPosition: {x: 0.034, y: 0.005, z: 0}
  m_LocalScale: {x: 1, y: 1, z: 1}
  m_Children:
  - {fileID: 712083767}
  m_Father: {fileID: 8485355891623652776}
  m_RootOrder: 17
  m_LocalEulerAnglesHint: {x: 0, y: 0, z: 0}
--- !u!114 &31149480
MonoBehaviour:
  m_ObjectHideFlags: 0
  m_CorrespondingSourceObject: {fileID: 0}
  m_PrefabInstance: {fileID: 0}
  m_PrefabAsset: {fileID: 0}
  m_GameObject: {fileID: 31149479}
  m_Enabled: 1
  m_EditorHideFlags: 0
  m_Script: {fileID: 11500000, guid: 30ae93fb156fc6d4c828c64571fc3edd, type: 3}
  m_Name: 
  m_EditorClassIdentifier: 
  m_ConstrainRotation: 1
  m_SolveFromDefaultPose: 1
  m_Weight: 1
  m_Chain:
    m_EffectorTransform: {fileID: 668103524}
    m_TargetTransform: {fileID: 712083767}
    m_TransformCount: 3
    m_Transforms:
    - {fileID: 2994694730989485696}
    - {fileID: 6450807263721131079}
    - {fileID: 668103524}
    m_DefaultLocalRotations:
    - {x: 0, y: 0, z: 0.041633982, w: 0.99913293}
    - {x: -0, y: -0, z: -0.28659093, w: 0.95805305}
    - {x: 0, y: 0, z: 0, w: 1}
    m_StoredLocalRotations:
    - {x: 0, y: 0, z: 0, w: 0}
    - {x: 0, y: 0, z: 0, w: 0}
    - {x: 0, y: 0, z: 0, w: 0}
  m_Flip: 0
--- !u!1 &77020959
GameObject:
  m_ObjectHideFlags: 0
  m_CorrespondingSourceObject: {fileID: 0}
  m_PrefabInstance: {fileID: 0}
  m_PrefabAsset: {fileID: 0}
  serializedVersion: 6
  m_Component:
  - component: {fileID: 77020928}
  m_Layer: 0
  m_Name: RightHandSolver_Target
  m_TagString: Untagged
  m_Icon: {fileID: 0}
  m_NavMeshLayer: 0
  m_StaticEditorFlags: 0
  m_IsActive: 1
--- !u!4 &77020928
Transform:
  m_ObjectHideFlags: 0
  m_CorrespondingSourceObject: {fileID: 0}
  m_PrefabInstance: {fileID: 0}
  m_PrefabAsset: {fileID: 0}
  m_GameObject: {fileID: 77020959}
  m_LocalRotation: {x: -0, y: -0, z: -0.46949863, w: 0.88293326}
  m_LocalPosition: {x: -0.009303946, y: 0.651233, z: 0}
  m_LocalScale: {x: 1, y: 1, z: 1}
  m_Children: []
  m_Father: {fileID: 1584434961}
  m_RootOrder: 0
  m_LocalEulerAnglesHint: {x: 0, y: 0, z: 0}
--- !u!1 &232122678
GameObject:
  m_ObjectHideFlags: 0
  m_CorrespondingSourceObject: {fileID: 0}
  m_PrefabInstance: {fileID: 0}
  m_PrefabAsset: {fileID: 0}
  serializedVersion: 6
  m_Component:
  - component: {fileID: 232122679}
  m_Layer: 0
  m_Name: LeftHandSolver_Target
  m_TagString: Untagged
  m_Icon: {fileID: 0}
  m_NavMeshLayer: 0
  m_StaticEditorFlags: 0
  m_IsActive: 1
--- !u!4 &232122679
Transform:
  m_ObjectHideFlags: 0
  m_CorrespondingSourceObject: {fileID: 0}
  m_PrefabInstance: {fileID: 0}
  m_PrefabAsset: {fileID: 0}
  m_GameObject: {fileID: 232122678}
  m_LocalRotation: {x: -0, y: -0, z: -0.4441102, w: 0.89597213}
  m_LocalPosition: {x: 0.537902, y: 0.9755121, z: 0}
  m_LocalScale: {x: 1, y: 1, z: 1}
  m_Children: []
  m_Father: {fileID: 1271354770}
  m_RootOrder: 0
  m_LocalEulerAnglesHint: {x: 0, y: 0, z: 0}
--- !u!1 &267932163
GameObject:
  m_ObjectHideFlags: 0
  m_CorrespondingSourceObject: {fileID: 0}
  m_PrefabInstance: {fileID: 0}
  m_PrefabAsset: {fileID: 0}
  serializedVersion: 6
  m_Component:
  - component: {fileID: 267932164}
  m_Layer: 0
  m_Name: Target
  m_TagString: Untagged
  m_Icon: {fileID: 0}
  m_NavMeshLayer: 0
  m_StaticEditorFlags: 0
  m_IsActive: 1
--- !u!4 &267932164
Transform:
  m_ObjectHideFlags: 0
  m_CorrespondingSourceObject: {fileID: 0}
  m_PrefabInstance: {fileID: 0}
  m_PrefabAsset: {fileID: 0}
  m_GameObject: {fileID: 267932163}
  m_LocalRotation: {x: -0, y: -0, z: 0.1533477, w: 0.9881723}
  m_LocalPosition: {x: 0.456, y: 0, z: 0}
  m_LocalScale: {x: 1, y: 1, z: 1}
  m_Children: []
  m_Father: {fileID: 7830443097098563478}
  m_RootOrder: 0
  m_LocalEulerAnglesHint: {x: 0, y: 0, z: 17.642}
--- !u!1 &277609561
GameObject:
  m_ObjectHideFlags: 0
  m_CorrespondingSourceObject: {fileID: 0}
  m_PrefabInstance: {fileID: 0}
  m_PrefabAsset: {fileID: 0}
  serializedVersion: 6
  m_Component:
  - component: {fileID: 277609562}
  - component: {fileID: 277609563}
  m_Layer: 0
  m_Name: ShotFire
  m_TagString: Untagged
  m_Icon: {fileID: 0}
  m_NavMeshLayer: 0
  m_StaticEditorFlags: 0
  m_IsActive: 1
--- !u!4 &277609562
Transform:
  m_ObjectHideFlags: 0
  m_CorrespondingSourceObject: {fileID: 0}
  m_PrefabInstance: {fileID: 0}
  m_PrefabAsset: {fileID: 0}
  m_GameObject: {fileID: 277609561}
  m_LocalRotation: {x: 0, y: 0, z: 0, w: 1}
  m_LocalPosition: {x: 0.042, y: 0.013, z: 0}
  m_LocalScale: {x: 1, y: 1, z: 1}
  m_Children: []
  m_Father: {fileID: 687394313}
  m_RootOrder: 0
  m_LocalEulerAnglesHint: {x: 0, y: 0, z: 0}
--- !u!212 &277609563
SpriteRenderer:
  m_ObjectHideFlags: 0
  m_CorrespondingSourceObject: {fileID: 0}
  m_PrefabInstance: {fileID: 0}
  m_PrefabAsset: {fileID: 0}
  m_GameObject: {fileID: 277609561}
  m_Enabled: 1
  m_CastShadows: 0
  m_ReceiveShadows: 0
  m_DynamicOccludee: 1
  m_MotionVectors: 1
  m_LightProbeUsage: 1
  m_ReflectionProbeUsage: 1
  m_RayTracingMode: 0
  m_RayTraceProcedural: 0
  m_RenderingLayerMask: 1
  m_RendererPriority: 0
  m_Materials:
  - {fileID: 10754, guid: 0000000000000000f000000000000000, type: 0}
  m_StaticBatchInfo:
    firstSubMesh: 0
    subMeshCount: 0
  m_StaticBatchRoot: {fileID: 0}
  m_ProbeAnchor: {fileID: 0}
  m_LightProbeVolumeOverride: {fileID: 0}
  m_ScaleInLightmap: 1
  m_ReceiveGI: 1
  m_PreserveUVs: 0
  m_IgnoreNormalsForChartDetection: 0
  m_ImportantGI: 0
  m_StitchLightmapSeams: 1
  m_SelectedEditorRenderState: 0
  m_MinimumChartSize: 4
  m_AutoUVMaxDistance: 0.5
  m_AutoUVMaxAngle: 89
  m_LightmapParameters: {fileID: 0}
  m_SortingLayerID: 0
  m_SortingLayer: 0
  m_SortingOrder: 10
  m_Sprite: {fileID: 21300000, guid: 4541bc1f4e2cc1843afa344b8a33e22d, type: 3}
  m_Color: {r: 1, g: 1, b: 1, a: 1}
  m_FlipX: 0
  m_FlipY: 0
  m_DrawMode: 0
  m_Size: {x: 2.57, y: 3.57}
  m_AdaptiveModeThreshold: 0.5
  m_SpriteTileMode: 0
  m_WasSpriteAssigned: 1
  m_MaskInteraction: 0
  m_SpriteSortPoint: 0
--- !u!1 &514578643
GameObject:
  m_ObjectHideFlags: 0
  m_CorrespondingSourceObject: {fileID: 0}
  m_PrefabInstance: {fileID: 0}
  m_PrefabAsset: {fileID: 0}
  serializedVersion: 6
  m_Component:
  - component: {fileID: 514578645}
  - component: {fileID: 514578644}
  m_Layer: 0
  m_Name: LeftFootSolver
  m_TagString: Untagged
  m_Icon: {fileID: 0}
  m_NavMeshLayer: 0
  m_StaticEditorFlags: 0
  m_IsActive: 1
--- !u!4 &514578645
Transform:
  m_ObjectHideFlags: 0
  m_CorrespondingSourceObject: {fileID: 0}
  m_PrefabInstance: {fileID: 0}
  m_PrefabAsset: {fileID: 0}
  m_GameObject: {fileID: 514578643}
  m_LocalRotation: {x: -0, y: -0, z: -0, w: 1}
  m_LocalPosition: {x: -0.049, y: -0.02, z: 0}
  m_LocalScale: {x: 1, y: 1, z: 1}
  m_Children:
  - {fileID: 665372253}
  m_Father: {fileID: 8485355891623652776}
  m_RootOrder: 16
  m_LocalEulerAnglesHint: {x: 0, y: 0, z: 0}
--- !u!114 &514578644
MonoBehaviour:
  m_ObjectHideFlags: 0
  m_CorrespondingSourceObject: {fileID: 0}
  m_PrefabInstance: {fileID: 0}
  m_PrefabAsset: {fileID: 0}
  m_GameObject: {fileID: 514578643}
  m_Enabled: 1
  m_EditorHideFlags: 0
  m_Script: {fileID: 11500000, guid: 30ae93fb156fc6d4c828c64571fc3edd, type: 3}
  m_Name: 
  m_EditorClassIdentifier: 
  m_ConstrainRotation: 1
  m_SolveFromDefaultPose: 1
  m_Weight: 1
  m_Chain:
    m_EffectorTransform: {fileID: 7306742601237037498}
    m_TargetTransform: {fileID: 665372253}
    m_TransformCount: 3
    m_Transforms:
    - {fileID: 922610129306999401}
    - {fileID: 4294031381220235560}
    - {fileID: 7306742601237037498}
    m_DefaultLocalRotations:
    - {x: 0, y: 0, z: 0.14247546, w: 0.98979837}
    - {x: 0, y: 0, z: -0.00000031657723, w: 1}
    - {x: 0, y: 0, z: 0, w: 1}
    m_StoredLocalRotations:
    - {x: 0, y: 0, z: 0, w: 0}
    - {x: 0, y: 0, z: 0, w: 0}
    - {x: 0, y: 0, z: 0, w: 0}
  m_Flip: 0
--- !u!1 &665372252
GameObject:
  m_ObjectHideFlags: 0
  m_CorrespondingSourceObject: {fileID: 0}
  m_PrefabInstance: {fileID: 0}
  m_PrefabAsset: {fileID: 0}
  serializedVersion: 6
  m_Component:
  - component: {fileID: 665372253}
  m_Layer: 0
  m_Name: LeftFootSolver_Target
  m_TagString: Untagged
  m_Icon: {fileID: 0}
  m_NavMeshLayer: 0
  m_StaticEditorFlags: 0
  m_IsActive: 1
--- !u!4 &665372253
Transform:
  m_ObjectHideFlags: 0
  m_CorrespondingSourceObject: {fileID: 0}
  m_PrefabInstance: {fileID: 0}
  m_PrefabAsset: {fileID: 0}
  m_GameObject: {fileID: 665372252}
  m_LocalRotation: {x: -0, y: -0, z: -0.6215106, w: 0.7834058}
  m_LocalPosition: {x: 0.3539602, y: 0.1033327, z: 0}
  m_LocalScale: {x: 1, y: 1, z: 1}
  m_Children: []
  m_Father: {fileID: 514578645}
  m_RootOrder: 0
  m_LocalEulerAnglesHint: {x: 0, y: 0, z: 0}
--- !u!1 &668103523
GameObject:
  m_ObjectHideFlags: 0
  m_CorrespondingSourceObject: {fileID: 0}
  m_PrefabInstance: {fileID: 0}
  m_PrefabAsset: {fileID: 0}
  serializedVersion: 6
  m_Component:
  - component: {fileID: 668103524}
  m_Layer: 0
  m_Name: Target
  m_TagString: Untagged
  m_Icon: {fileID: 0}
  m_NavMeshLayer: 0
  m_StaticEditorFlags: 0
  m_IsActive: 1
--- !u!4 &668103524
Transform:
  m_ObjectHideFlags: 0
  m_CorrespondingSourceObject: {fileID: 0}
  m_PrefabInstance: {fileID: 0}
  m_PrefabAsset: {fileID: 0}
  m_GameObject: {fileID: 668103523}
  m_LocalRotation: {x: -0, y: -0, z: -0.22267115, w: 0.9748937}
  m_LocalPosition: {x: 0.219, y: -0, z: 0}
  m_LocalScale: {x: 1, y: 1, z: 1}
  m_Children: []
  m_Father: {fileID: 6450807263721131079}
  m_RootOrder: 0
  m_LocalEulerAnglesHint: {x: 0, y: 0, z: -25.732}
--- !u!1 &687394312
GameObject:
  m_ObjectHideFlags: 0
  m_CorrespondingSourceObject: {fileID: 0}
  m_PrefabInstance: {fileID: 0}
  m_PrefabAsset: {fileID: 0}
  serializedVersion: 6
  m_Component:
  - component: {fileID: 687394313}
  m_Layer: 0
  m_Name: Shot
  m_TagString: Untagged
  m_Icon: {fileID: 0}
  m_NavMeshLayer: 0
  m_StaticEditorFlags: 0
  m_IsActive: 0
--- !u!4 &687394313
Transform:
  m_ObjectHideFlags: 0
  m_CorrespondingSourceObject: {fileID: 0}
  m_PrefabInstance: {fileID: 0}
  m_PrefabAsset: {fileID: 0}
  m_GameObject: {fileID: 687394312}
  m_LocalRotation: {x: 0, y: 0, z: 0, w: 1}
  m_LocalPosition: {x: 0.688, y: 0.112, z: 0}
  m_LocalScale: {x: 1, y: 1, z: 1}
  m_Children:
  - {fileID: 277609562}
  - {fileID: 1234640780}
  m_Father: {fileID: 7830443097098563478}
  m_RootOrder: 1
  m_LocalEulerAnglesHint: {x: 0, y: 0, z: 0}
--- !u!1 &712083766
GameObject:
  m_ObjectHideFlags: 0
  m_CorrespondingSourceObject: {fileID: 0}
  m_PrefabInstance: {fileID: 0}
  m_PrefabAsset: {fileID: 0}
  serializedVersion: 6
  m_Component:
  - component: {fileID: 712083767}
  m_Layer: 0
  m_Name: RIghtFootSolver_Target
  m_TagString: Untagged
  m_Icon: {fileID: 0}
  m_NavMeshLayer: 0
  m_StaticEditorFlags: 0
  m_IsActive: 1
--- !u!4 &712083767
Transform:
  m_ObjectHideFlags: 0
  m_CorrespondingSourceObject: {fileID: 0}
  m_PrefabInstance: {fileID: 0}
  m_PrefabAsset: {fileID: 0}
  m_GameObject: {fileID: 712083766}
  m_LocalRotation: {x: -0, y: -0, z: -0.87364876, w: 0.48655713}
  m_LocalPosition: {x: -0.1531971, y: 0.07168289, z: 0}
  m_LocalScale: {x: 1, y: 1, z: 1}
  m_Children: []
  m_Father: {fileID: 31149481}
  m_RootOrder: 0
  m_LocalEulerAnglesHint: {x: 0, y: 0, z: 0}
--- !u!1 &1234640779
GameObject:
  m_ObjectHideFlags: 0
  m_CorrespondingSourceObject: {fileID: 0}
  m_PrefabInstance: {fileID: 0}
  m_PrefabAsset: {fileID: 0}
  serializedVersion: 6
  m_Component:
  - component: {fileID: 1234640780}
  - component: {fileID: 1234640781}
  m_Layer: 0
  m_Name: ShotSmoke
  m_TagString: Untagged
  m_Icon: {fileID: 0}
  m_NavMeshLayer: 0
  m_StaticEditorFlags: 0
  m_IsActive: 1
--- !u!4 &1234640780
Transform:
  m_ObjectHideFlags: 0
  m_CorrespondingSourceObject: {fileID: 0}
  m_PrefabInstance: {fileID: 0}
  m_PrefabAsset: {fileID: 0}
  m_GameObject: {fileID: 1234640779}
  m_LocalRotation: {x: 0, y: 0, z: 0, w: 1}
  m_LocalPosition: {x: 0.159, y: 0.017, z: 0}
  m_LocalScale: {x: 1, y: 1, z: 1}
  m_Children: []
  m_Father: {fileID: 687394313}
  m_RootOrder: 1
  m_LocalEulerAnglesHint: {x: 0, y: 0, z: 0}
--- !u!212 &1234640781
SpriteRenderer:
  m_ObjectHideFlags: 0
  m_CorrespondingSourceObject: {fileID: 0}
  m_PrefabInstance: {fileID: 0}
  m_PrefabAsset: {fileID: 0}
  m_GameObject: {fileID: 1234640779}
  m_Enabled: 1
  m_CastShadows: 0
  m_ReceiveShadows: 0
  m_DynamicOccludee: 1
  m_MotionVectors: 1
  m_LightProbeUsage: 1
  m_ReflectionProbeUsage: 1
  m_RayTracingMode: 0
  m_RayTraceProcedural: 0
  m_RenderingLayerMask: 1
  m_RendererPriority: 0
  m_Materials:
  - {fileID: 10754, guid: 0000000000000000f000000000000000, type: 0}
  m_StaticBatchInfo:
    firstSubMesh: 0
    subMeshCount: 0
  m_StaticBatchRoot: {fileID: 0}
  m_ProbeAnchor: {fileID: 0}
  m_LightProbeVolumeOverride: {fileID: 0}
  m_ScaleInLightmap: 1
  m_ReceiveGI: 1
  m_PreserveUVs: 0
  m_IgnoreNormalsForChartDetection: 0
  m_ImportantGI: 0
  m_StitchLightmapSeams: 1
  m_SelectedEditorRenderState: 0
  m_MinimumChartSize: 4
  m_AutoUVMaxDistance: 0.5
  m_AutoUVMaxAngle: 89
  m_LightmapParameters: {fileID: 0}
  m_SortingLayerID: 0
  m_SortingLayer: 0
  m_SortingOrder: 11
  m_Sprite: {fileID: 21300000, guid: 27389ecc4cb127e49818f1f49e6d1dfe, type: 3}
  m_Color: {r: 1, g: 1, b: 1, a: 1}
  m_FlipX: 0
  m_FlipY: 0
  m_DrawMode: 0
  m_Size: {x: 2.56, y: 3.64}
  m_AdaptiveModeThreshold: 0.5
  m_SpriteTileMode: 0
  m_WasSpriteAssigned: 1
  m_MaskInteraction: 0
  m_SpriteSortPoint: 0
--- !u!1 &1271354768
GameObject:
  m_ObjectHideFlags: 0
  m_CorrespondingSourceObject: {fileID: 0}
  m_PrefabInstance: {fileID: 0}
  m_PrefabAsset: {fileID: 0}
  serializedVersion: 6
  m_Component:
  - component: {fileID: 1271354770}
  - component: {fileID: 1271354769}
  m_Layer: 0
  m_Name: LeftHandSolver
  m_TagString: Untagged
  m_Icon: {fileID: 0}
  m_NavMeshLayer: 0
  m_StaticEditorFlags: 0
  m_IsActive: 1
--- !u!4 &1271354770
Transform:
  m_ObjectHideFlags: 0
  m_CorrespondingSourceObject: {fileID: 0}
  m_PrefabInstance: {fileID: 0}
  m_PrefabAsset: {fileID: 0}
  m_GameObject: {fileID: 1271354768}
  m_LocalRotation: {x: -0, y: -0, z: -0, w: 1}
  m_LocalPosition: {x: -0.239, y: -0.142, z: 0}
  m_LocalScale: {x: 1, y: 1, z: 1}
  m_Children:
  - {fileID: 232122679}
  m_Father: {fileID: 8485355891623652776}
  m_RootOrder: 14
  m_LocalEulerAnglesHint: {x: 0, y: 0, z: 0}
--- !u!114 &1271354769
MonoBehaviour:
  m_ObjectHideFlags: 0
  m_CorrespondingSourceObject: {fileID: 0}
  m_PrefabInstance: {fileID: 0}
  m_PrefabAsset: {fileID: 0}
  m_GameObject: {fileID: 1271354768}
  m_Enabled: 1
  m_EditorHideFlags: 0
  m_Script: {fileID: 11500000, guid: 30ae93fb156fc6d4c828c64571fc3edd, type: 3}
  m_Name: 
  m_EditorClassIdentifier: 
  m_ConstrainRotation: 1
  m_SolveFromDefaultPose: 1
  m_Weight: 1
  m_Chain:
    m_EffectorTransform: {fileID: 4926986598320945214}
    m_TargetTransform: {fileID: 232122679}
    m_TransformCount: 3
    m_Transforms:
    - {fileID: 2375562171540259924}
    - {fileID: 6722429779545246877}
    - {fileID: 4926986598320945214}
    m_DefaultLocalRotations:
    - {x: 0, y: 0, z: -0.17184083, w: 0.98512477}
    - {x: 0, y: 0, z: 0.393765, w: 0.9192112}
    - {x: 0, y: 0, z: 0, w: 1}
    m_StoredLocalRotations:
    - {x: 0, y: 0, z: 0, w: 0}
    - {x: 0, y: 0, z: 0, w: 0}
    - {x: 0, y: 0, z: 0, w: 0}
  m_Flip: 1
--- !u!1 &1584434991
GameObject:
  m_ObjectHideFlags: 0
  m_CorrespondingSourceObject: {fileID: 0}
  m_PrefabInstance: {fileID: 0}
  m_PrefabAsset: {fileID: 0}
  serializedVersion: 6
  m_Component:
  - component: {fileID: 1584434961}
  - component: {fileID: 1584434960}
  m_Layer: 0
  m_Name: RightHandSolver
  m_TagString: Untagged
  m_Icon: {fileID: 0}
  m_NavMeshLayer: 0
  m_StaticEditorFlags: 0
  m_IsActive: 1
--- !u!4 &1584434961
Transform:
  m_ObjectHideFlags: 0
  m_CorrespondingSourceObject: {fileID: 0}
  m_PrefabInstance: {fileID: 0}
  m_PrefabAsset: {fileID: 0}
  m_GameObject: {fileID: 1584434991}
  m_LocalRotation: {x: -0, y: -0, z: -0, w: 1}
  m_LocalPosition: {x: -0.054, y: -0.02, z: 0}
  m_LocalScale: {x: 1, y: 1, z: 1}
  m_Children:
  - {fileID: 77020928}
  m_Father: {fileID: 8485355891623652776}
  m_RootOrder: 15
  m_LocalEulerAnglesHint: {x: 0, y: 0, z: 0}
--- !u!114 &1584434960
MonoBehaviour:
  m_ObjectHideFlags: 0
  m_CorrespondingSourceObject: {fileID: 0}
  m_PrefabInstance: {fileID: 0}
  m_PrefabAsset: {fileID: 0}
  m_GameObject: {fileID: 1584434991}
  m_Enabled: 1
  m_EditorHideFlags: 0
  m_Script: {fileID: 11500000, guid: 30ae93fb156fc6d4c828c64571fc3edd, type: 3}
  m_Name: 
  m_EditorClassIdentifier: 
  m_ConstrainRotation: 1
  m_SolveFromDefaultPose: 1
  m_Weight: 1
  m_Chain:
    m_EffectorTransform: {fileID: 267932164}
    m_TargetTransform: {fileID: 77020928}
    m_TransformCount: 3
    m_Transforms:
    - {fileID: 1164116049242321895}
    - {fileID: 7830443097098563478}
    - {fileID: 267932164}
    m_DefaultLocalRotations:
    - {x: 0, y: 0, z: -0.23129655, w: 0.9728833}
    - {x: 0, y: 0, z: 0.26541895, w: 0.9641332}
    - {x: 0, y: 0, z: 0, w: 1}
    m_StoredLocalRotations:
    - {x: 0, y: 0, z: 0, w: 0}
    - {x: 0, y: 0, z: 0, w: 0}
    - {x: 0, y: 0, z: 0, w: 0}
  m_Flip: 1
--- !u!82 &1965378110
AudioSource:
  m_ObjectHideFlags: 0
  m_CorrespondingSourceObject: {fileID: 0}
  m_PrefabInstance: {fileID: 0}
  m_PrefabAsset: {fileID: 0}
  m_GameObject: {fileID: 77789544701888171}
  m_Enabled: 1
  serializedVersion: 4
  OutputAudioMixerGroup: {fileID: 0}
  m_audioClip: {fileID: 8300000, guid: 7c0bb86a783c21c4c98068a79c8e38d0, type: 3}
  m_PlayOnAwake: 0
  m_Volume: 1
  m_Pitch: 1
  Loop: 0
  Mute: 0
  Spatialize: 0
  SpatializePostEffects: 0
  Priority: 128
  DopplerLevel: 1
  MinDistance: 1
  MaxDistance: 500
  Pan2D: 0
  rolloffMode: 0
  BypassEffects: 0
  BypassListenerEffects: 0
  BypassReverbZones: 0
  rolloffCustomCurve:
    serializedVersion: 2
    m_Curve:
    - serializedVersion: 3
      time: 0
      value: 1
      inSlope: 0
      outSlope: 0
      tangentMode: 0
      weightedMode: 0
      inWeight: 0.33333334
      outWeight: 0.33333334
    - serializedVersion: 3
      time: 1
      value: 0
      inSlope: 0
      outSlope: 0
      tangentMode: 0
      weightedMode: 0
      inWeight: 0.33333334
      outWeight: 0.33333334
    m_PreInfinity: 2
    m_PostInfinity: 2
    m_RotationOrder: 4
  panLevelCustomCurve:
    serializedVersion: 2
    m_Curve:
    - serializedVersion: 3
      time: 0
      value: 0
      inSlope: 0
      outSlope: 0
      tangentMode: 0
      weightedMode: 0
      inWeight: 0.33333334
      outWeight: 0.33333334
    m_PreInfinity: 2
    m_PostInfinity: 2
    m_RotationOrder: 4
  spreadCustomCurve:
    serializedVersion: 2
    m_Curve:
    - serializedVersion: 3
      time: 0
      value: 0
      inSlope: 0
      outSlope: 0
      tangentMode: 0
      weightedMode: 0
      inWeight: 0.33333334
      outWeight: 0.33333334
    m_PreInfinity: 2
    m_PostInfinity: 2
    m_RotationOrder: 4
  reverbZoneMixCustomCurve:
    serializedVersion: 2
    m_Curve:
    - serializedVersion: 3
      time: 0
      value: 1
      inSlope: 0
      outSlope: 0
      tangentMode: 0
      weightedMode: 0
      inWeight: 0.33333334
      outWeight: 0.33333334
    m_PreInfinity: 2
    m_PostInfinity: 2
    m_RotationOrder: 4
--- !u!95 &1965378107
Animator:
  serializedVersion: 3
  m_ObjectHideFlags: 0
  m_CorrespondingSourceObject: {fileID: 0}
  m_PrefabInstance: {fileID: 0}
  m_PrefabAsset: {fileID: 0}
  m_GameObject: {fileID: 77789544701888171}
  m_Enabled: 1
  m_Avatar: {fileID: 0}
  m_Controller: {fileID: 9100000, guid: becfb10ee773dad4cb81ba31863383fc, type: 2}
  m_CullingMode: 0
  m_UpdateMode: 0
  m_ApplyRootMotion: 0
  m_LinearVelocityBlending: 0
  m_WarningMessage: 
  m_HasTransformHierarchy: 1
  m_AllowConstantClipSamplingOptimization: 1
  m_KeepAnimatorControllerStateOnDisable: 0
--- !u!114 &1965378084
MonoBehaviour:
  m_ObjectHideFlags: 0
  m_CorrespondingSourceObject: {fileID: 0}
  m_PrefabInstance: {fileID: 0}
  m_PrefabAsset: {fileID: 0}
  m_GameObject: {fileID: 77789544701888171}
  m_Enabled: 1
  m_EditorHideFlags: 0
  m_Script: {fileID: 11500000, guid: 097b551f2844b054290f18a39bf892e9, type: 3}
  m_Name: 
  m_EditorClassIdentifier: 
  m_Solvers:
  - {fileID: 1271354769}
  - {fileID: 1584434960}
  - {fileID: 514578644}
  - {fileID: 31149480}
  m_Weight: 1
  m_SolverEditorData:
  - color: {r: 0, g: 1, b: 0, a: 1}
    showGizmo: 1
  - color: {r: 0, g: 1, b: 0, a: 1}
    showGizmo: 1
  - color: {r: 0, g: 1, b: 0, a: 1}
    showGizmo: 1
  - color: {r: 0, g: 1, b: 0, a: 1}
    showGizmo: 1
--- !u!114 &1965378108
MonoBehaviour:
  m_ObjectHideFlags: 0
  m_CorrespondingSourceObject: {fileID: 0}
  m_PrefabInstance: {fileID: 0}
  m_PrefabAsset: {fileID: 0}
  m_GameObject: {fileID: 77789544701888171}
  m_Enabled: 1
  m_EditorHideFlags: 0
  m_Script: {fileID: 11500000, guid: 235bec81ec23bd34fafb154adba862ed, type: 3}
  m_Name: 
  m_EditorClassIdentifier: 
--- !u!114 &1965378109
MonoBehaviour:
  m_ObjectHideFlags: 0
  m_CorrespondingSourceObject: {fileID: 0}
  m_PrefabInstance: {fileID: 0}
  m_PrefabAsset: {fileID: 0}
  m_GameObject: {fileID: 77789544701888171}
  m_Enabled: 1
  m_EditorHideFlags: 0
  m_Script: {fileID: 11500000, guid: 7345c061fd7d2724f90471dd55dbbcc5, type: 3}
  m_Name: 
  m_EditorClassIdentifier: 
  shotSound: {fileID: 8300000, guid: 7c0bb86a783c21c4c98068a79c8e38d0, type: 3}
  damageSound: {fileID: 8300000, guid: 9e390877da05d264f8c5fa2648951cea, type: 3}
--- !u!1 &2171557607406848231
GameObject:
  m_ObjectHideFlags: 0
  m_CorrespondingSourceObject: {fileID: 0}
  m_PrefabInstance: {fileID: 0}
  m_PrefabAsset: {fileID: 0}
  serializedVersion: 6
  m_Component:
  - component: {fileID: 4926986598320945214}
  m_Layer: 0
  m_Name: Target
  m_TagString: Untagged
  m_Icon: {fileID: 0}
  m_NavMeshLayer: 0
  m_StaticEditorFlags: 0
  m_IsActive: 1
--- !u!4 &4926986598320945214
Transform:
  m_ObjectHideFlags: 0
  m_CorrespondingSourceObject: {fileID: 0}
  m_PrefabInstance: {fileID: 0}
  m_PrefabAsset: {fileID: 0}
  m_GameObject: {fileID: 2171557607406848231}
  m_LocalRotation: {x: -0, y: -0, z: 0.08243214, w: 0.9965967}
  m_LocalPosition: {x: 0.261, y: -0, z: 0}
  m_LocalScale: {x: 1, y: 1, z: 1}
  m_Children: []
  m_Father: {fileID: 6722429779545246877}
  m_RootOrder: 0
  m_LocalEulerAnglesHint: {x: 0, y: 0, z: 9.457}
--- !u!1 &6227452667439493075
GameObject:
  m_ObjectHideFlags: 0
  m_CorrespondingSourceObject: {fileID: 0}
  m_PrefabInstance: {fileID: 0}
  m_PrefabAsset: {fileID: 0}
  serializedVersion: 6
  m_Component:
  - component: {fileID: 7306742601237037498}
  m_Layer: 0
  m_Name: Target
  m_TagString: Untagged
  m_Icon: {fileID: 0}
  m_NavMeshLayer: 0
  m_StaticEditorFlags: 0
  m_IsActive: 1
--- !u!4 &7306742601237037498
Transform:
  m_ObjectHideFlags: 0
  m_CorrespondingSourceObject: {fileID: 0}
  m_PrefabInstance: {fileID: 0}
  m_PrefabAsset: {fileID: 0}
  m_GameObject: {fileID: 6227452667439493075}
  m_LocalRotation: {x: -0, y: -0, z: 0.04545842, w: 0.9989662}
  m_LocalPosition: {x: 0.251, y: 0, z: 0}
  m_LocalScale: {x: 1, y: 1, z: 1}
  m_Children: []
  m_Father: {fileID: 4294031381220235560}
  m_RootOrder: 0
  m_LocalEulerAnglesHint: {x: 0, y: 0, z: 5.211}
--- !u!1001 &5444978204894715213
PrefabInstance:
  m_ObjectHideFlags: 0
  serializedVersion: 2
  m_Modification:
    m_TransformParent: {fileID: 0}
    m_Modifications:
    - target: {fileID: -8295851391644851988, guid: c6a720d106c85574080607be9893f076, type: 3}
      propertyPath: m_Bounds.m_Center.x
      value: -0.04475586
      objectReference: {fileID: 0}
    - target: {fileID: -8295851391644851988, guid: c6a720d106c85574080607be9893f076, type: 3}
      propertyPath: m_Bounds.m_Center.y
      value: 0.08534999
      objectReference: {fileID: 0}
    - target: {fileID: -8295851391644851988, guid: c6a720d106c85574080607be9893f076, type: 3}
      propertyPath: m_Bounds.m_Extent.x
      value: 0.13336411
      objectReference: {fileID: 0}
    - target: {fileID: -8295851391644851988, guid: c6a720d106c85574080607be9893f076, type: 3}
      propertyPath: m_Bounds.m_Extent.y
      value: 0.15284368
      objectReference: {fileID: 0}
    - target: {fileID: -7920233246084443894, guid: c6a720d106c85574080607be9893f076, type: 3}
      propertyPath: m_LocalRotation.w
      value: 1
      objectReference: {fileID: 0}
    - target: {fileID: -7920233246084443894, guid: c6a720d106c85574080607be9893f076, type: 3}
      propertyPath: m_LocalRotation.x
      value: 0
      objectReference: {fileID: 0}
    - target: {fileID: -7920233246084443894, guid: c6a720d106c85574080607be9893f076, type: 3}
      propertyPath: m_LocalRotation.y
      value: 0
      objectReference: {fileID: 0}
    - target: {fileID: -7920233246084443894, guid: c6a720d106c85574080607be9893f076, type: 3}
      propertyPath: m_LocalRotation.z
      value: 0
      objectReference: {fileID: 0}
    - target: {fileID: -7920233246084443894, guid: c6a720d106c85574080607be9893f076, type: 3}
      propertyPath: m_LocalEulerAnglesHint.z
      value: 1.103
      objectReference: {fileID: 0}
    - target: {fileID: -7576553687058542128, guid: c6a720d106c85574080607be9893f076, type: 3}
      propertyPath: m_LocalPosition.x
      value: 0.22554924
      objectReference: {fileID: 0}
    - target: {fileID: -7576553687058542128, guid: c6a720d106c85574080607be9893f076, type: 3}
      propertyPath: m_LocalPosition.y
      value: -0.004687026
      objectReference: {fileID: 0}
    - target: {fileID: -7576553687058542128, guid: c6a720d106c85574080607be9893f076, type: 3}
      propertyPath: m_LocalRotation.w
      value: 0.932447
      objectReference: {fileID: 0}
    - target: {fileID: -7576553687058542128, guid: c6a720d106c85574080607be9893f076, type: 3}
      propertyPath: m_LocalRotation.x
      value: 0
      objectReference: {fileID: 0}
    - target: {fileID: -7576553687058542128, guid: c6a720d106c85574080607be9893f076, type: 3}
      propertyPath: m_LocalRotation.y
      value: 0
      objectReference: {fileID: 0}
    - target: {fileID: -7576553687058542128, guid: c6a720d106c85574080607be9893f076, type: 3}
      propertyPath: m_LocalRotation.z
      value: 0.361307
      objectReference: {fileID: 0}
    - target: {fileID: -7576553687058542128, guid: c6a720d106c85574080607be9893f076, type: 3}
      propertyPath: m_LocalEulerAnglesHint.z
      value: -2.721
      objectReference: {fileID: 0}
    - target: {fileID: -7441198075570888991, guid: c6a720d106c85574080607be9893f076, type: 3}
      propertyPath: m_Bounds.m_Center.x
      value: 0.021923095
      objectReference: {fileID: 0}
    - target: {fileID: -7441198075570888991, guid: c6a720d106c85574080607be9893f076, type: 3}
      propertyPath: m_Bounds.m_Center.y
      value: 0.09254518
      objectReference: {fileID: 0}
    - target: {fileID: -7441198075570888991, guid: c6a720d106c85574080607be9893f076, type: 3}
      propertyPath: m_Bounds.m_Extent.x
      value: 0.09955853
      objectReference: {fileID: 0}
    - target: {fileID: -7441198075570888991, guid: c6a720d106c85574080607be9893f076, type: 3}
      propertyPath: m_Bounds.m_Extent.y
      value: 0.1428199
      objectReference: {fileID: 0}
    - target: {fileID: -6396483290869108005, guid: c6a720d106c85574080607be9893f076, type: 3}
      propertyPath: m_LocalRotation.w
      value: 0.97412837
      objectReference: {fileID: 0}
    - target: {fileID: -6396483290869108005, guid: c6a720d106c85574080607be9893f076, type: 3}
      propertyPath: m_LocalRotation.z
      value: 0.22599526
      objectReference: {fileID: 0}
    - target: {fileID: -4940691776739876759, guid: c6a720d106c85574080607be9893f076, type: 3}
      propertyPath: m_Bounds.m_Center.x
      value: 0.016747497
      objectReference: {fileID: 0}
    - target: {fileID: -4940691776739876759, guid: c6a720d106c85574080607be9893f076, type: 3}
      propertyPath: m_Bounds.m_Center.y
      value: 0.13310635
      objectReference: {fileID: 0}
    - target: {fileID: -4940691776739876759, guid: c6a720d106c85574080607be9893f076, type: 3}
      propertyPath: m_Bounds.m_Extent.x
      value: 0.09597382
      objectReference: {fileID: 0}
    - target: {fileID: -4940691776739876759, guid: c6a720d106c85574080607be9893f076, type: 3}
      propertyPath: m_Bounds.m_Extent.y
      value: 0.15324688
      objectReference: {fileID: 0}
    - target: {fileID: -4864846811426426834, guid: c6a720d106c85574080607be9893f076, type: 3}
      propertyPath: m_Bounds.m_Center.x
      value: 0.010758609
      objectReference: {fileID: 0}
    - target: {fileID: -4864846811426426834, guid: c6a720d106c85574080607be9893f076, type: 3}
      propertyPath: m_Bounds.m_Center.y
      value: 0.09136085
      objectReference: {fileID: 0}
    - target: {fileID: -4864846811426426834, guid: c6a720d106c85574080607be9893f076, type: 3}
      propertyPath: m_Bounds.m_Extent.x
      value: 0.12739348
      objectReference: {fileID: 0}
    - target: {fileID: -4864846811426426834, guid: c6a720d106c85574080607be9893f076, type: 3}
      propertyPath: m_Bounds.m_Extent.y
      value: 0.20648322
      objectReference: {fileID: 0}
    - target: {fileID: -4732587295880728347, guid: c6a720d106c85574080607be9893f076, type: 3}
      propertyPath: m_RootOrder
      value: 0
      objectReference: {fileID: 0}
    - target: {fileID: -4732587295880728347, guid: c6a720d106c85574080607be9893f076, type: 3}
      propertyPath: m_LocalPosition.x
      value: 0
      objectReference: {fileID: 0}
    - target: {fileID: -4732587295880728347, guid: c6a720d106c85574080607be9893f076, type: 3}
      propertyPath: m_LocalPosition.y
      value: 0.2
      objectReference: {fileID: 0}
    - target: {fileID: -4732587295880728347, guid: c6a720d106c85574080607be9893f076, type: 3}
      propertyPath: m_LocalPosition.z
      value: 0
      objectReference: {fileID: 0}
    - target: {fileID: -4732587295880728347, guid: c6a720d106c85574080607be9893f076, type: 3}
      propertyPath: m_LocalRotation.w
      value: 1
      objectReference: {fileID: 0}
    - target: {fileID: -4732587295880728347, guid: c6a720d106c85574080607be9893f076, type: 3}
      propertyPath: m_LocalRotation.x
      value: -0
      objectReference: {fileID: 0}
    - target: {fileID: -4732587295880728347, guid: c6a720d106c85574080607be9893f076, type: 3}
      propertyPath: m_LocalRotation.y
      value: -0
      objectReference: {fileID: 0}
    - target: {fileID: -4732587295880728347, guid: c6a720d106c85574080607be9893f076, type: 3}
      propertyPath: m_LocalRotation.z
      value: -0
      objectReference: {fileID: 0}
    - target: {fileID: -4732587295880728347, guid: c6a720d106c85574080607be9893f076, type: 3}
      propertyPath: m_LocalEulerAnglesHint.x
      value: 0
      objectReference: {fileID: 0}
    - target: {fileID: -4732587295880728347, guid: c6a720d106c85574080607be9893f076, type: 3}
      propertyPath: m_LocalEulerAnglesHint.y
      value: 0
      objectReference: {fileID: 0}
    - target: {fileID: -4732587295880728347, guid: c6a720d106c85574080607be9893f076, type: 3}
      propertyPath: m_LocalEulerAnglesHint.z
      value: 0
      objectReference: {fileID: 0}
    - target: {fileID: -4567398327067251512, guid: c6a720d106c85574080607be9893f076, type: 3}
      propertyPath: m_LocalPosition.x
      value: 0.029
      objectReference: {fileID: 0}
    - target: {fileID: -4567398327067251512, guid: c6a720d106c85574080607be9893f076, type: 3}
      propertyPath: m_LocalPosition.y
      value: 1.124
      objectReference: {fileID: 0}
    - target: {fileID: -4080903574220241116, guid: c6a720d106c85574080607be9893f076, type: 3}
      propertyPath: m_LocalRotation.w
      value: 0.9952519
      objectReference: {fileID: 0}
    - target: {fileID: -4080903574220241116, guid: c6a720d106c85574080607be9893f076, type: 3}
      propertyPath: m_LocalRotation.z
      value: 0.097333506
      objectReference: {fileID: 0}
    - target: {fileID: -4080903574220241116, guid: c6a720d106c85574080607be9893f076, type: 3}
      propertyPath: m_LocalEulerAnglesHint.z
      value: 17.173
      objectReference: {fileID: 0}
    - target: {fileID: -4043470184247655081, guid: c6a720d106c85574080607be9893f076, type: 3}
      propertyPath: m_Bounds.m_Center.x
      value: -0.052265488
      objectReference: {fileID: 0}
    - target: {fileID: -4043470184247655081, guid: c6a720d106c85574080607be9893f076, type: 3}
      propertyPath: m_Bounds.m_Center.y
      value: 0.13284595
      objectReference: {fileID: 0}
    - target: {fileID: -4043470184247655081, guid: c6a720d106c85574080607be9893f076, type: 3}
      propertyPath: m_Bounds.m_Extent.x
      value: 0.09009313
      objectReference: {fileID: 0}
    - target: {fileID: -4043470184247655081, guid: c6a720d106c85574080607be9893f076, type: 3}
      propertyPath: m_Bounds.m_Extent.y
      value: 0.12647678
      objectReference: {fileID: 0}
    - target: {fileID: -3853902630815507482, guid: c6a720d106c85574080607be9893f076, type: 3}
      propertyPath: m_Name
      value: Cowboy
      objectReference: {fileID: 0}
    - target: {fileID: -3853902630815507482, guid: c6a720d106c85574080607be9893f076, type: 3}
      propertyPath: m_IsActive
      value: 1
      objectReference: {fileID: 0}
    - target: {fileID: -3373356434053080087, guid: c6a720d106c85574080607be9893f076, type: 3}
      propertyPath: m_Color.b
      value: 0.59607846
      objectReference: {fileID: 0}
    - target: {fileID: -3373356434053080087, guid: c6a720d106c85574080607be9893f076, type: 3}
      propertyPath: m_Color.g
      value: 0.59607846
      objectReference: {fileID: 0}
    - target: {fileID: -3373356434053080087, guid: c6a720d106c85574080607be9893f076, type: 3}
      propertyPath: m_Color.r
      value: 0.59607846
      objectReference: {fileID: 0}
    - target: {fileID: -2614419069975843158, guid: c6a720d106c85574080607be9893f076, type: 3}
      propertyPath: m_LocalRotation.w
      value: 0.9841226
      objectReference: {fileID: 0}
    - target: {fileID: -2614419069975843158, guid: c6a720d106c85574080607be9893f076, type: 3}
      propertyPath: m_LocalRotation.z
      value: -0.17749037
      objectReference: {fileID: 0}
    - target: {fileID: -2614419069975843158, guid: c6a720d106c85574080607be9893f076, type: 3}
      propertyPath: m_LocalEulerAnglesHint.z
      value: -20.447
      objectReference: {fileID: 0}
    - target: {fileID: -2514262739145187162, guid: c6a720d106c85574080607be9893f076, type: 3}
      propertyPath: m_Bounds.m_Center.x
      value: 0.019677952
      objectReference: {fileID: 0}
    - target: {fileID: -2514262739145187162, guid: c6a720d106c85574080607be9893f076, type: 3}
      propertyPath: m_Bounds.m_Center.y
      value: 0.09165717
      objectReference: {fileID: 0}
    - target: {fileID: -2514262739145187162, guid: c6a720d106c85574080607be9893f076, type: 3}
      propertyPath: m_Bounds.m_Extent.x
      value: 0.2258631
      objectReference: {fileID: 0}
    - target: {fileID: -2514262739145187162, guid: c6a720d106c85574080607be9893f076, type: 3}
      propertyPath: m_Bounds.m_Extent.y
      value: 0.1110833
      objectReference: {fileID: 0}
    - target: {fileID: -2271367676825849366, guid: c6a720d106c85574080607be9893f076, type: 3}
      propertyPath: m_Bounds.m_Center.x
      value: 0.03424731
      objectReference: {fileID: 0}
    - target: {fileID: -2271367676825849366, guid: c6a720d106c85574080607be9893f076, type: 3}
      propertyPath: m_Bounds.m_Center.y
      value: 0.17009111
      objectReference: {fileID: 0}
    - target: {fileID: -2271367676825849366, guid: c6a720d106c85574080607be9893f076, type: 3}
      propertyPath: m_Bounds.m_Extent.x
      value: 0.47908017
      objectReference: {fileID: 0}
    - target: {fileID: -2271367676825849366, guid: c6a720d106c85574080607be9893f076, type: 3}
      propertyPath: m_Bounds.m_Extent.y
      value: 0.19429094
      objectReference: {fileID: 0}
    - target: {fileID: -1484282462853665907, guid: c6a720d106c85574080607be9893f076, type: 3}
      propertyPath: m_LocalPosition.x
      value: -0.3501491
      objectReference: {fileID: 0}
    - target: {fileID: -1484282462853665907, guid: c6a720d106c85574080607be9893f076, type: 3}
      propertyPath: m_LocalPosition.y
      value: 0.068697944
      objectReference: {fileID: 0}
    - target: {fileID: -1484282462853665907, guid: c6a720d106c85574080607be9893f076, type: 3}
      propertyPath: m_LocalRotation.w
      value: 0.9972989
      objectReference: {fileID: 0}
    - target: {fileID: -1484282462853665907, guid: c6a720d106c85574080607be9893f076, type: 3}
      propertyPath: m_LocalRotation.x
      value: 0
      objectReference: {fileID: 0}
    - target: {fileID: -1484282462853665907, guid: c6a720d106c85574080607be9893f076, type: 3}
      propertyPath: m_LocalRotation.y
      value: 0
      objectReference: {fileID: 0}
    - target: {fileID: -1484282462853665907, guid: c6a720d106c85574080607be9893f076, type: 3}
      propertyPath: m_LocalRotation.z
      value: -0.07345022
      objectReference: {fileID: 0}
    - target: {fileID: -1484282462853665907, guid: c6a720d106c85574080607be9893f076, type: 3}
      propertyPath: m_LocalEulerAnglesHint.z
      value: 0
      objectReference: {fileID: 0}
    - target: {fileID: -1484002179701466855, guid: c6a720d106c85574080607be9893f076, type: 3}
      propertyPath: m_LocalPosition.x
      value: 0.05663067
      objectReference: {fileID: 0}
    - target: {fileID: -1484002179701466855, guid: c6a720d106c85574080607be9893f076, type: 3}
      propertyPath: m_LocalPosition.y
      value: 0.2131681
      objectReference: {fileID: 0}
    - target: {fileID: -1484002179701466855, guid: c6a720d106c85574080607be9893f076, type: 3}
      propertyPath: m_LocalRotation.w
      value: 0.9758606
      objectReference: {fileID: 0}
    - target: {fileID: -1484002179701466855, guid: c6a720d106c85574080607be9893f076, type: 3}
      propertyPath: m_LocalRotation.z
      value: -0.21839462
      objectReference: {fileID: 0}
    - target: {fileID: -1484002179701466855, guid: c6a720d106c85574080607be9893f076, type: 3}
      propertyPath: m_LocalEulerAnglesHint.z
      value: -16.891
      objectReference: {fileID: 0}
    - target: {fileID: -1391075600625065114, guid: c6a720d106c85574080607be9893f076, type: 3}
      propertyPath: m_LocalPosition.x
      value: -0.3101281
      objectReference: {fileID: 0}
    - target: {fileID: -1391075600625065114, guid: c6a720d106c85574080607be9893f076, type: 3}
      propertyPath: m_LocalPosition.y
      value: -0.098419316
      objectReference: {fileID: 0}
    - target: {fileID: -1391075600625065114, guid: c6a720d106c85574080607be9893f076, type: 3}
      propertyPath: m_LocalRotation.w
      value: 0.9749073
      objectReference: {fileID: 0}
    - target: {fileID: -1391075600625065114, guid: c6a720d106c85574080607be9893f076, type: 3}
      propertyPath: m_LocalRotation.x
      value: 0
      objectReference: {fileID: 0}
    - target: {fileID: -1391075600625065114, guid: c6a720d106c85574080607be9893f076, type: 3}
      propertyPath: m_LocalRotation.y
      value: 0
      objectReference: {fileID: 0}
    - target: {fileID: -1391075600625065114, guid: c6a720d106c85574080607be9893f076, type: 3}
      propertyPath: m_LocalRotation.z
      value: 0.22261135
      objectReference: {fileID: 0}
    - target: {fileID: -1391075600625065114, guid: c6a720d106c85574080607be9893f076, type: 3}
      propertyPath: m_LocalEulerAnglesHint.z
      value: 0
      objectReference: {fileID: 0}
    - target: {fileID: -980887830814105614, guid: c6a720d106c85574080607be9893f076, type: 3}
      propertyPath: m_RootBone
      value: 
      objectReference: {fileID: 0}
    - target: {fileID: -980887830814105614, guid: c6a720d106c85574080607be9893f076, type: 3}
      propertyPath: m_UseBatching
      value: 0
      objectReference: {fileID: 0}
    - target: {fileID: -980887830814105614, guid: c6a720d106c85574080607be9893f076, type: 3}
      propertyPath: m_AlwaysUpdate
      value: 0
      objectReference: {fileID: 0}
    - target: {fileID: -980887830814105614, guid: c6a720d106c85574080607be9893f076, type: 3}
      propertyPath: m_Bounds.m_Center.x
      value: 3.757691e+16
      objectReference: {fileID: 0}
    - target: {fileID: -980887830814105614, guid: c6a720d106c85574080607be9893f076, type: 3}
      propertyPath: m_Bounds.m_Center.y
      value: 0
      objectReference: {fileID: 0}
    - target: {fileID: -980887830814105614, guid: c6a720d106c85574080607be9893f076, type: 3}
      propertyPath: m_Bounds.m_Extent.x
      value: 0
      objectReference: {fileID: 0}
    - target: {fileID: -980887830814105614, guid: c6a720d106c85574080607be9893f076, type: 3}
      propertyPath: m_Bounds.m_Extent.y
      value: 0
      objectReference: {fileID: 0}
    - target: {fileID: -980887830814105614, guid: c6a720d106c85574080607be9893f076, type: 3}
      propertyPath: m_BoneTransforms.Array.size
      value: 0
      objectReference: {fileID: 0}
    - target: {fileID: -740932326049337940, guid: c6a720d106c85574080607be9893f076, type: 3}
      propertyPath: m_LocalPosition.x
      value: -0.0467465
      objectReference: {fileID: 0}
    - target: {fileID: -740932326049337940, guid: c6a720d106c85574080607be9893f076, type: 3}
      propertyPath: m_LocalPosition.y
      value: -0.007204228
      objectReference: {fileID: 0}
    - target: {fileID: -740932326049337940, guid: c6a720d106c85574080607be9893f076, type: 3}
      propertyPath: m_LocalRotation.w
      value: 0.99957085
      objectReference: {fileID: 0}
    - target: {fileID: -740932326049337940, guid: c6a720d106c85574080607be9893f076, type: 3}
      propertyPath: m_LocalRotation.x
      value: 0
      objectReference: {fileID: 0}
    - target: {fileID: -740932326049337940, guid: c6a720d106c85574080607be9893f076, type: 3}
      propertyPath: m_LocalRotation.y
      value: 0
      objectReference: {fileID: 0}
    - target: {fileID: -740932326049337940, guid: c6a720d106c85574080607be9893f076, type: 3}
      propertyPath: m_LocalRotation.z
      value: 0.029293826
      objectReference: {fileID: 0}
    - target: {fileID: -740932326049337940, guid: c6a720d106c85574080607be9893f076, type: 3}
      propertyPath: m_LocalEulerAnglesHint.z
      value: 0
      objectReference: {fileID: 0}
    - target: {fileID: 401533495640757898, guid: c6a720d106c85574080607be9893f076, type: 3}
      propertyPath: m_RootBone
      value: 
      objectReference: {fileID: 4294031381220235560}
    - target: {fileID: 401533495640757898, guid: c6a720d106c85574080607be9893f076, type: 3}
      propertyPath: m_UseBatching
      value: 0
      objectReference: {fileID: 0}
    - target: {fileID: 401533495640757898, guid: c6a720d106c85574080607be9893f076, type: 3}
      propertyPath: m_AlwaysUpdate
      value: 0
      objectReference: {fileID: 0}
    - target: {fileID: 401533495640757898, guid: c6a720d106c85574080607be9893f076, type: 3}
      propertyPath: m_Bounds.m_Center.x
      value: 0.036564127
      objectReference: {fileID: 0}
    - target: {fileID: 401533495640757898, guid: c6a720d106c85574080607be9893f076, type: 3}
      propertyPath: m_Bounds.m_Center.y
      value: 0.09260228
      objectReference: {fileID: 0}
    - target: {fileID: 401533495640757898, guid: c6a720d106c85574080607be9893f076, type: 3}
      propertyPath: m_Bounds.m_Extent.x
      value: 0.1341362
      objectReference: {fileID: 0}
    - target: {fileID: 401533495640757898, guid: c6a720d106c85574080607be9893f076, type: 3}
      propertyPath: m_Bounds.m_Extent.y
      value: 0.13124375
      objectReference: {fileID: 0}
    - target: {fileID: 401533495640757898, guid: c6a720d106c85574080607be9893f076, type: 3}
      propertyPath: m_BoneTransforms.Array.size
      value: 1
      objectReference: {fileID: 0}
    - target: {fileID: 3035759238960096269, guid: c6a720d106c85574080607be9893f076, type: 3}
      propertyPath: m_Bounds.m_Center.x
      value: 0.03735721
      objectReference: {fileID: 0}
    - target: {fileID: 3035759238960096269, guid: c6a720d106c85574080607be9893f076, type: 3}
      propertyPath: m_Bounds.m_Center.y
      value: 0.09092304
      objectReference: {fileID: 0}
    - target: {fileID: 3035759238960096269, guid: c6a720d106c85574080607be9893f076, type: 3}
      propertyPath: m_Bounds.m_Extent.x
      value: 0.13785815
      objectReference: {fileID: 0}
    - target: {fileID: 3035759238960096269, guid: c6a720d106c85574080607be9893f076, type: 3}
      propertyPath: m_Bounds.m_Extent.y
      value: 0.19621888
      objectReference: {fileID: 0}
    - target: {fileID: 3389272976822222449, guid: c6a720d106c85574080607be9893f076, type: 3}
      propertyPath: m_Bounds.m_Center.x
      value: -0.11079174
      objectReference: {fileID: 0}
    - target: {fileID: 3389272976822222449, guid: c6a720d106c85574080607be9893f076, type: 3}
      propertyPath: m_Bounds.m_Center.y
      value: -0.0055384934
      objectReference: {fileID: 0}
    - target: {fileID: 3389272976822222449, guid: c6a720d106c85574080607be9893f076, type: 3}
      propertyPath: m_Bounds.m_Extent.x
      value: 0.18766451
      objectReference: {fileID: 0}
    - target: {fileID: 3389272976822222449, guid: c6a720d106c85574080607be9893f076, type: 3}
      propertyPath: m_Bounds.m_Extent.y
      value: 0.32881555
      objectReference: {fileID: 0}
    - target: {fileID: 4986649893514465159, guid: c6a720d106c85574080607be9893f076, type: 3}
      propertyPath: m_Bounds.m_Center.x
      value: 0.02033344
      objectReference: {fileID: 0}
    - target: {fileID: 4986649893514465159, guid: c6a720d106c85574080607be9893f076, type: 3}
      propertyPath: m_Bounds.m_Center.y
      value: 0.09188247
      objectReference: {fileID: 0}
    - target: {fileID: 4986649893514465159, guid: c6a720d106c85574080607be9893f076, type: 3}
      propertyPath: m_Bounds.m_Extent.x
      value: 0.23358595
      objectReference: {fileID: 0}
    - target: {fileID: 4986649893514465159, guid: c6a720d106c85574080607be9893f076, type: 3}
      propertyPath: m_Bounds.m_Extent.y
      value: 0.25499058
      objectReference: {fileID: 0}
    - target: {fileID: 5450965723966564483, guid: c6a720d106c85574080607be9893f076, type: 3}
      propertyPath: m_Name
      value: accessory
      objectReference: {fileID: 0}
    - target: {fileID: 5450965723966564483, guid: c6a720d106c85574080607be9893f076, type: 3}
      propertyPath: m_TagString
      value: Accessory
      objectReference: {fileID: 0}
    - target: {fileID: 6278216011951465482, guid: c6a720d106c85574080607be9893f076, type: 3}
      propertyPath: m_Bounds.m_Center.x
      value: 0.009592295
      objectReference: {fileID: 0}
    - target: {fileID: 6278216011951465482, guid: c6a720d106c85574080607be9893f076, type: 3}
      propertyPath: m_Bounds.m_Center.y
      value: 0.16859066
      objectReference: {fileID: 0}
    - target: {fileID: 6278216011951465482, guid: c6a720d106c85574080607be9893f076, type: 3}
      propertyPath: m_Bounds.m_Extent.x
      value: 0.26191652
      objectReference: {fileID: 0}
    - target: {fileID: 6278216011951465482, guid: c6a720d106c85574080607be9893f076, type: 3}
      propertyPath: m_Bounds.m_Extent.y
      value: 0.32078737
      objectReference: {fileID: 0}
    - target: {fileID: 6671667108360762110, guid: c6a720d106c85574080607be9893f076, type: 3}
      propertyPath: m_LocalPosition.x
      value: 0.0183655
      objectReference: {fileID: 0}
    - target: {fileID: 6671667108360762110, guid: c6a720d106c85574080607be9893f076, type: 3}
      propertyPath: m_LocalPosition.y
      value: 1.297652
      objectReference: {fileID: 0}
    - target: {fileID: 6671667108360762110, guid: c6a720d106c85574080607be9893f076, type: 3}
      propertyPath: m_LocalRotation.w
      value: 0.7698394
      objectReference: {fileID: 0}
    - target: {fileID: 6671667108360762110, guid: c6a720d106c85574080607be9893f076, type: 3}
      propertyPath: m_LocalRotation.x
      value: 0
      objectReference: {fileID: 0}
    - target: {fileID: 6671667108360762110, guid: c6a720d106c85574080607be9893f076, type: 3}
      propertyPath: m_LocalRotation.y
      value: 0
      objectReference: {fileID: 0}
    - target: {fileID: 6671667108360762110, guid: c6a720d106c85574080607be9893f076, type: 3}
      propertyPath: m_LocalRotation.z
      value: -0.63823766
      objectReference: {fileID: 0}
    - target: {fileID: 6671667108360762110, guid: c6a720d106c85574080607be9893f076, type: 3}
      propertyPath: m_LocalEulerAnglesHint.z
      value: 0
      objectReference: {fileID: 0}
    - target: {fileID: 7070431692550497229, guid: c6a720d106c85574080607be9893f076, type: 3}
      propertyPath: m_LocalRotation.w
      value: 0.9997007
      objectReference: {fileID: 0}
    - target: {fileID: 7070431692550497229, guid: c6a720d106c85574080607be9893f076, type: 3}
      propertyPath: m_LocalRotation.z
      value: -0.024464615
      objectReference: {fileID: 0}
    - target: {fileID: 7070431692550497229, guid: c6a720d106c85574080607be9893f076, type: 3}
      propertyPath: m_LocalEulerAnglesHint.z
      value: 4.772
      objectReference: {fileID: 0}
    - target: {fileID: 8072425386069017701, guid: c6a720d106c85574080607be9893f076, type: 3}
      propertyPath: m_LocalRotation.w
      value: 1
      objectReference: {fileID: 0}
    - target: {fileID: 8072425386069017701, guid: c6a720d106c85574080607be9893f076, type: 3}
      propertyPath: m_LocalRotation.x
      value: 0
      objectReference: {fileID: 0}
    - target: {fileID: 8072425386069017701, guid: c6a720d106c85574080607be9893f076, type: 3}
      propertyPath: m_LocalRotation.y
      value: 0
      objectReference: {fileID: 0}
    - target: {fileID: 8072425386069017701, guid: c6a720d106c85574080607be9893f076, type: 3}
      propertyPath: m_LocalRotation.z
      value: -0.00000031657723
      objectReference: {fileID: 0}
    - target: {fileID: 8072425386069017701, guid: c6a720d106c85574080607be9893f076, type: 3}
      propertyPath: m_LocalEulerAnglesHint.z
      value: -1.045
      objectReference: {fileID: 0}
    m_RemovedComponents: []
  m_SourcePrefab: {fileID: 9102745354828411000, guid: c6a720d106c85574080607be9893f076, type: 3}
--- !u!4 &4294031381220235560 stripped
Transform:
  m_CorrespondingSourceObject: {fileID: 8072425386069017701, guid: c6a720d106c85574080607be9893f076, type: 3}
  m_PrefabInstance: {fileID: 5444978204894715213}
  m_PrefabAsset: {fileID: 0}
--- !u!4 &6450807263721131079 stripped
Transform:
  m_CorrespondingSourceObject: {fileID: -7920233246084443894, guid: c6a720d106c85574080607be9893f076, type: 3}
  m_PrefabInstance: {fileID: 5444978204894715213}
  m_PrefabAsset: {fileID: 0}
--- !u!4 &6722429779545246877 stripped
Transform:
  m_CorrespondingSourceObject: {fileID: -7576553687058542128, guid: c6a720d106c85574080607be9893f076, type: 3}
  m_PrefabInstance: {fileID: 5444978204894715213}
  m_PrefabAsset: {fileID: 0}
--- !u!4 &2994694730989485696 stripped
Transform:
  m_CorrespondingSourceObject: {fileID: 7070431692550497229, guid: c6a720d106c85574080607be9893f076, type: 3}
  m_PrefabInstance: {fileID: 5444978204894715213}
  m_PrefabAsset: {fileID: 0}
--- !u!4 &2375562171540259924 stripped
Transform:
  m_CorrespondingSourceObject: {fileID: -1484002179701466855, guid: c6a720d106c85574080607be9893f076, type: 3}
  m_PrefabInstance: {fileID: 5444978204894715213}
  m_PrefabAsset: {fileID: 0}
--- !u!1 &77789544701888171 stripped
GameObject:
  m_CorrespondingSourceObject: {fileID: -3853902630815507482, guid: c6a720d106c85574080607be9893f076, type: 3}
  m_PrefabInstance: {fileID: 5444978204894715213}
  m_PrefabAsset: {fileID: 0}
--- !u!4 &7830443097098563478 stripped
Transform:
  m_CorrespondingSourceObject: {fileID: -6396483290869108005, guid: c6a720d106c85574080607be9893f076, type: 3}
  m_PrefabInstance: {fileID: 5444978204894715213}
  m_PrefabAsset: {fileID: 0}
--- !u!4 &1164116049242321895 stripped
Transform:
  m_CorrespondingSourceObject: {fileID: -2614419069975843158, guid: c6a720d106c85574080607be9893f076, type: 3}
  m_PrefabInstance: {fileID: 5444978204894715213}
  m_PrefabAsset: {fileID: 0}
--- !u!4 &8485355891623652776 stripped
Transform:
  m_CorrespondingSourceObject: {fileID: -4732587295880728347, guid: c6a720d106c85574080607be9893f076, type: 3}
  m_PrefabInstance: {fileID: 5444978204894715213}
  m_PrefabAsset: {fileID: 0}
--- !u!4 &922610129306999401 stripped
Transform:
  m_CorrespondingSourceObject: {fileID: -4080903574220241116, guid: c6a720d106c85574080607be9893f076, type: 3}
  m_PrefabInstance: {fileID: 5444978204894715213}
  m_PrefabAsset: {fileID: 0}
